@inproceedings{Alghoniemy01anetwork,
  author = {Masoud Alghoniemy and Ahmed H. Tewfik},
  title = {A Network Flow Model For Playlist Generation},
  booktitle = {In Proc IEEE Intl Conf Multimedia and Expo},
  year = {2001}
}

@book{PythonMachineLearning,
  author = {Sebastian Raschka},
  booktitle = {Python Machine Learning},
  year = {2015}
}

@misc{msd,
  title = {Million Song Dataset},
  howpublished = {\url{https://labrosa.ee.columbia.edu/millionsong/}},
}

@misc{spotify,
  title = {Spotify},
  howpublished = {\url{https://www.spotify.com/}},
}

@misc{lastfm,
  title = {Last.fm},
  howpublished = {\url{https://www.last.fm/}},
}

@misc{nltk,
  title = {NLTK Text Corpora},
  howpublished = {\url{http://www.nltk.org/book/ch02.html}},
}

@misc{scikit,
  title = {SciKit Learn},
  howpublished = {\url{http://scikit-learn.org/stable/}},
}
